@book{DBLP:books/daglib/0087328,
  author    = {Ming Li and
               Paul M. B. Vit{\'a}nyi},
  title     = {An introduction to {K}olmogorov complexity and its applications,
               Second Edition},
  publisher = {Springer},
  series    = {Graduate Texts in Computer Science},
  year      = {1997},
  isbn      = {978-0-387-94868-3, 978-1-4757-2608-4, 978-1-4757-2606-0},
  pages     = {I-XXI, 1-637},
  ee        = {http://dx.doi.org/10.1007/978-1-4757-2606-0},
  bibsource = {DBLP, http://dblp.uni-trier.de}
}

@article{DBLP:journals/mst/AntunesMSV09,
  author    = {Lu\'{i}s Filipe Coelho Antunes and
               Armando Matos and
               Andre Souto and
               Paul M. B. Vit{\'a}nyi},
  title     = {Depth as Randomness Deficiency},
  journal   = {Theory Comput. Syst.},
  volume    = {45},
  number    = {4},
  year      = {2009},
  pages     = {724-739},
  ee        = {http://dx.doi.org/10.1007/s00224-009-9171-0},
  bibsource = {DBLP, http://dblp.uni-trier.de}
}

@article{DBLP:journals/tit/Vitanyi06,
  author    = {Paul M. B. Vit{\'a}nyi},
  title     = {Meaningful Information},
  journal   = {IEEE Transactions on Information Theory},
  volume    = {52},
  number    = {10},
  year      = {2006},
  pages     = {4617-4626},
  ee        = {http://dx.doi.org/10.1109/TIT.2006.881729},
  bibsource = {DBLP, http://dblp.uni-trier.de}
}

@article{DBLP:journals/jcss/TerwijnTV11,
  author    = {Sebastiaan A. Terwijn and
               Leen Torenvliet and
               Paul M. B. Vit{\'a}nyi},
  title     = {Nonapproximability of the normalized information distance},
  journal   = {J. Comput. Syst. Sci.},
  volume    = {77},
  number    = {4},
  year      = {2011},
  pages     = {738-742},
  ee        = {http://dx.doi.org/10.1016/j.jcss.2010.06.018},
  bibsource = {DBLP, http://dblp.uni-trier.de}
}

@article{DBLP:journals/corr/abs-1006-3520,
  author    = {Charles H. Bennett and
               P{\'e}ter G{\'a}cs and
               Ming Li and
               Paul M. B. Vit{\'a}nyi and
               Wojciech H. Zurek},
  title     = {Information Distance},
  journal   = {CoRR},
  volume    = {abs/1006.3520},
  year      = {2010},
  ee        = {http://arxiv.org/abs/1006.3520},
  bibsource = {DBLP, http://dblp.uni-trier.de}
}

@article{DBLP:journals/tit/LiCLMV04,
  author    = {Ming Li and
               Xin Chen and
               Xin Li and
               Bin Ma and
               Paul M. B. Vit{\'a}nyi},
  title     = {The similarity metric},
  journal   = {IEEE Transactions on Information Theory},
  volume    = {50},
  number    = {12},
  year      = {2004},
  pages     = {3250-3264},
  ee        = {http://dx.doi.org/10.1109/TIT.2004.838101},
  bibsource = {DBLP, http://dblp.uni-trier.de}
}

@article{DBLP:journals/tit/CilibrasiV05,
  author    = {Rudi Cilibrasi and
               Paul M. B. Vit{\'a}nyi},
  title     = {Clustering by compression},
  journal   = {IEEE Transactions on Information Theory},
  volume    = {51},
  number    = {4},
  year      = {2005},
  pages     = {1523-1545},
  ee        = {http://dx.doi.org/10.1109/TIT.2005.844059},
  bibsource = {DBLP, http://dblp.uni-trier.de}
}

@article{DBLP:journals/tcs/AntunesFMV06,
  author    = {Luis Antunes and
               Lance Fortnow and
               Dieter van Melkebeek and
               N. V. Vinodchandran},
  title     = {Computational depth: Concept and applications},
  journal   = {Theor. Comput. Sci.},
  volume    = {354},
  number    = {3},
  year      = {2006},
  pages     = {391-404},
  ee        = {http://dx.doi.org/10.1016/j.tcs.2005.11.033},
  bibsource = {DBLP, http://dblp.uni-trier.de}
}

@book{grunwald2007minimum,
  title     = {The {M}inimum {D}escription {L}ength {P}rinciple},
  author    = {Gr{\"u}nwald, Peter D},
  year      = {2007},
  isbn      = {978-0262072816},
  series    = {Adaptive computation and machine learning series},
  publisher = {The MIT Press}
}

@article{DBLP:journals/jacm/HennieS66,
  author    = {F. C. Hennie and
               Richard Edwin Stearns},
  title     = {Two-Tape Simulation of Multitape {T}uring Machines},
  journal   = {J. ACM},
  volume    = {13},
  number    = {4},
  year      = {1966},
  pages     = {533-546},
  ee        = {http://doi.acm.org/10.1145/321356.321362},
  bibsource = {DBLP, http://dblp.uni-trier.de}
}

@article{DBLP:journals/mst/AntunesMPST13,
  author    = {Luis Filipe Coelho Antunes and
               Armando Matos and
               Alexandre Pinto and
               Andre Souto and
               Andreia Teixeira},
  title     = {One-Way Functions Using Algorithmic and Classical Information
               Theories},
  journal   = {Theory Comput. Syst.},
  volume    = {52},
  number    = {1},
  year      = {2013},
  pages     = {162-178},
  ee        = {http://dx.doi.org/10.1007/s00224-012-9418-z},
  bibsource = {DBLP, http://dblp.uni-trier.de}
}

@article{DBLP:journals/tit/GacsTV01,
  author    = {P{\'e}ter G{\'a}cs and
               John Tromp and
               Paul M. B. Vit{\'a}nyi},
  title     = {Algorithmic statistics},
  journal   = {IEEE Transactions on Information Theory},
  volume    = {47},
  number    = {6},
  year      = {2001},
  pages     = {2443-2463},
  ee        = {http://dx.doi.org/10.1109/18.945257},
  bibsource = {DBLP, http://dblp.uni-trier.de}
}

@article{adriaans2012facticity,
  title={Facticity as the amount of self-descriptive information in a data set},
  author={Adriaans, Pieter},
  journal={arXiv preprint arXiv:1203.2245},
  year={2012}
}

@misc{gailly1991gzip,
  title={The {GZIP} compressor},
  author={Gailly, JL and Adler, M},
  year={1991}
}

@article{rissanen1978modeling,
  title={Modeling by shortest data description},
  author={Rissanen, Jorma},
  journal={Automatica},
  volume={14},
  number={5},
  pages={465--471},
  year={1978},
  publisher={Elsevier}
}

@article{DBLP:journals/tit/Rissanen84,
  author    = {Jorma Rissanen},
  title     = {Universal coding, information, prediction, and estimation},
  journal   = {IEEE Transactions on Information Theory},
  volume    = {30},
  number    = {4},
  year      = {1984},
  pages     = {629-636},
  ee        = {http://dx.doi.org/10.1109/TIT.1984.1056936},
  bibsource = {DBLP, http://dblp.uni-trier.de}
}

@article{DBLP:journals/cj/Shen99,
  author    = {A. Shen},
  title     = {Discussion on {K}olmogorov Complexity and Statistical Analysis},
  journal   = {Comput. J.},
  year      = {1999},
  volume    = {42},
  number    = {4},
  pages     = {340--342},
  url       = {http://dx.doi.org/10.1093/comjnl/42.4.340},
  doi       = {10.1093/comjnl/42.4.340},
  timestamp = {Fri, 03 Oct 2014 16:20:19 +0200},
  biburl    = {http://dblp.uni-trier.de/rec/bib/journals/cj/Shen99},
  bibsource = {dblp computer science bibliography, http://dblp.org}
}

@book{li1993introduction,
  title={An introduction to {K}olmogorov complexity and its applications},
  author={M. Li and P.M.B. Vit\'anyi},
  year={1993},
  publisher={Springer-Verlag}
}

@article{gellmann1996information,
  author    = {M. Gell{-}Mann and
               S. Lloyd},
  title     = {Information measures, effective complexity, and total information},
  journal   = {Complexity},
  volume    = {2},
  number    = {1},
  pages     = {44--52},
  year      = {1996},
  url       = {http://dx.doi.org/10.1002/(SICI)1099-0526(199609/10)2:1<44::AID-CPLX10>3.0.CO;2-X},
  doi       = {10.1002/(SICI)1099-0526(199609/10)2:1<44::AID-CPLX10>3.0.CO;2-X},
  timestamp = {Wed, 26 Feb 2014 19:57:52 +0100},
  biburl    = {http://dblp.uni-trier.de/rec/bib/journals/complexity/Gell-MannL96},
  bibsource = {dblp computer science bibliography, http://dblp.org}
}

@article{kolmogorov1983combinatorial,
  title={Combinatorial foundations of information theory and the calculus of probabilities},
  author={A.N. Kolmogorov},
  journal={Russian Mathematical Surveys},
  volume={38},
  number={4},
  pages={29--40},
  year={1983},
  publisher={Turpion Ltd}
}

@article{koppel1991almost,
  author    = {M. Koppel and H. Atlan},
  title     = {An almost machine-independent theory of program-length complexity,
               sophistication, and induction},
  journal   = {Inf. Sci.},
  volume    = {56},
  number    = {1-3},
  pages     = {23--33},
  year      = {1991},
  url       = {http://dx.doi.org/10.1016/0020-0255(91)90021-L},
  doi       = {10.1016/0020-0255(91)90021-L},
  timestamp = {Wed, 02 Jun 2004 13:04:07 +0200},
  biburl    = {http://dblp.uni-trier.de/rec/bib/journals/isci/KoppelA91},
  bibsource = {dblp computer science bibliography, http://dblp.org}
}

@incollection{cover1985kolmogorov,
  title     = {{K}olmogorov complexity, data compression, and inference},
  author    = {T.M. Cover},
  booktitle = {The Impact of Processing Techniques on Communications},
  pages     = {23--33},
  year      = {1985},
  publisher = {Springer}
}

@article{shen1983concept,
  title={The concept of ($\alpha$, $\beta$)-stochasticity in the {K}olmogorov sense, and its properties},
  author={A. Kh. Shen},
  journal={Soviet Math. Dokl},
  volume={28},
  number={1},
  pages={295--299},
  year={1983}
}

@article{antunes2009sophistication,
  author    = {L.F.C. Antunes and L. Fortnow},
  title     = {Sophistication Revisited},
  journal   = {Theory Comput. Syst.},
  volume    = {45},
  number    = {1},
  pages     = {150--161},
  year      = {2009},
  url       = {http://springerlink.metapress.com/content/q132605835826g76/},
  timestamp = {Thu, 10 Dec 2009 12:24:42 +0100},
  biburl    = {http://dblp.uni-trier.de/rec/bib/journals/mst/AntunesF09},
  bibsource = {dblp computer science bibliography, http://dblp.org}
}

@article{gacs2001algorithmic,
  author    = {P. G{\'{a}}cs and
               J. Tromp and
               P.M.B. Vit{\'{a}}nyi},
  title     = {Algorithmic statistics},
  journal={{IEEE} Tr. Inf. Th.},
  volume    = {47},
  number    = {6},
  pages     = {2443--2463},
  year      = {2001},
  url       = {http://dx.doi.org/10.1109/18.945257},
  doi       = {10.1109/18.945257},
  timestamp = {Mon, 31 Oct 2011 17:05:16 +0100},
  biburl    = {http://dblp.uni-trier.de/rec/bib/journals/tit/GacsTV01},
  bibsource = {dblp computer science bibliography, http://dblp.org}
}



@article{vereshchagin2004kolmogorov,
  title={{K}olmogorov's structure functions and model selection},
  author={N.K. Vereshchagin and P.M.B. Vit{\'a}nyi},
  journal={{IEEE} Tr. Inf. Th.},
  volume={50},
  number={12},
  pages={3265--3290},
  year={2004},
  publisher={IEEE}
}


@article{ay2010effective,
  author    = {N. Ay and
               M. M{\"{u}}ller and
               A. Szkola},
  title     = {Effective complexity and its relation to logical depth},
  journal   = {{IEEE} Tr. Inf. Th.},
  volume    = {56},
  number    = {9},
  pages     = {4593--4607},
  year      = {2010},
  url       = {http://dx.doi.org/10.1109/TIT.2010.2053892},
  doi       = {10.1109/TIT.2010.2053892},
  timestamp = {Fri, 17 Dec 2010 21:53:46 +0100},
  biburl    = {http://dblp.uni-trier.de/rec/bib/journals/tit/AyMS10},
  bibsource = {dblp computer science bibliography, http://dblp.org}
}

@article{gell2004nonextensive,
  title={Effective complexity},
  author={M. Gell-Mann and S. Lloyd},
  journal={Nonextensive Entropy-Interdisciplinary Applications, by Edited by Murray Gell-Mann and C Tsallis, pp. 440. Oxford University Press, Apr 2004. ISBN-10: 0195159764. ISBN-13: 9780195159769},
  volume={1},
  year={2004}
}

@article{antunes2009depth,
  title={Depth as randomness deficiency},
  author={L. Antunes and A. Matos and A. Souto and P.M.B. Vit{\'a}nyi},
  journal={Theory of Computing Systems},
  volume={45},
  number={4},
  pages={724--739},
  year={2009},
  publisher={Springer}
}

@article{vitanyi2004meaningful,
  title={Meaningful Information},
  author={P.M.B. Vit{\'a}nyi},
  journal={{IEEE} Tr. Inf. Th.},
  volume={52},
  number={10},
  year={2004},
  publisher={IEEE}
}

@article{terwijn2011nonapproximability,
  title={Nonapproximability of the normalized information distance},
  author={S.A. Terwijn and L. Torenvliet and P.M.B. Vit{\'a}nyi},
  journal={Journal of Computer and System Sciences},
  volume={77},
  number={4},
  pages={738--742},
  year={2011},
  publisher={Elsevier}
}

@article{bennett1998information,
  title={Information distance},
  author={Ch.H. Bennett and P. and G{\'a}cs and M. Li and P.M.B. Vit\'anyi and W.H. Zurek},
  journal={{IEEE} Tr. Inf. Th.},
  volume={44},
  number={4},
  pages={1407--1423},
  year={1998},
  publisher={ieee}
}


@article{li2004similarity,
  title={The similarity metric},
  author={M. Li and X. Chen and X. Li, Xin and B. Ma and P.M.B. Vit{\'a}nyi},
  journal={{IEEE} Tr. Inf. Th.},
  volume={50},
  number={12},
  pages={3250--3264},
  year={2004},
  publisher={IEEE}
}

@article{cilibrasi2005clustering,
  title={Clustering by compression},
  author={R. Cilibrasi and P.M.B. Vit{\'a}nyi},
  journal={{IEEE} Tr. Inf. Th.},
  volume={51},
  number={4},
  pages={1523--1545},
  year={2005},
  publisher={IEEE}
}

@article{antunes2006computational,
  title={Computational depth: concept and applications},
  author={L. Antunes and L. Fortnow and D. van Melkebeek and N.V. Vinodchandran},
  journal={Th. Comp. Sc.},
  volume={354},
  number={3},
  pages={391--404},
  year={2006},
  publisher={Elsevier}
}

@book{sipser2006introduction,
  title={Introduction to the Theory of Computation},
  author={M. Sipser},
  volume={27},
  year={2006},
  publisher={Thomson Course Technology Boston, MA}
}

@article{cover1994elements,
  title={Elements of information theory},
  author={T.M. Cover and J.A. Thomas and J. Kieffer},
  journal={SIAM Review},
  volume={36},
  number={3},
  pages={509--510},
  year={1994},
  publisher={Philadelphia, Society for Industrial and Applied Mathematics.}
}

@book{grunwald2007minimum,
  title={The minimum description length principle},
  author={P.D. Gr{\"u}nwald},
  year={2007},
  publisher={The MIT Press}
}

@book{ausiello1999complexity,
  title={Complexity and approximation: Combinatorial optimization problems and their approximability properties},
  author={G. Ausiello},
  year={1999},
  publisher={Springer}
}

@article{hennie1966two,
  title={Two-tape simulation of multitape {T}uring machines},
  author={F.C. Hennie and R.E. Stearns},
  journal={Journal of the ACM (JACM)},
  volume={13},
  number={4},
  pages={533--546},
  year={1966},
  publisher={ACM}
}

@article{antunes2013one,
  title={One-Way Functions Using Algorithmic and Classical Information Theories},
  author={L. Antunes and A. Matos and A. Pinto and A. Souto and A. Teixeira},
  journal={Theory of Computing Systems},
  volume={52},
  number={1},
  pages={162--178},
  year={2013},
  publisher={Springer}
}

@misc{adriaans2012facticity,
  title={Facticity as the amount of self-descriptive information in a data set},
  author={P. Adriaans},
  note={arXiv:1203.2245},
  year={2012}
}

@misc{gailly1991gzip,
  title={The GZIP compressor},
  author={J.L. Gailly and M. Adler},
  year={1991}
}

@article{rissanen1978modeling,
  title={Modeling by shortest data description},
  author={J. Rissanen},
  journal={Automatica},
  volume={14},
  number={5},
  pages={465--471},
  year={1978},
  publisher={Elsevier}
}

@article{rissanen1984universal,
  title={Universal coding, information, prediction, and estimation},
  author={J. Rissanen},
  journal={{IEEE} Tr. Inf. Th.},
  volume={30},
  number={4},
  pages={629--636},
  year={1984},
  publisher={IEEE}
}

@article{schmidhuber2004optimal,
  title={Optimal ordered problem solver},
  author={J. Schmidhuber},
  journal={Machine Learning},
  volume={54},
  number={3},
  pages={211--254},
  year={2004},
  publisher={Springer}
}

@article{hutter2002fastest,
  title={The fastest and shortest algorithm for all well-defined problems},
  author={M. Hutter},
  journal={International Journal of Foundations of Computer Science},
  volume={13},
  number={03},
  pages={431--443},
  year={2002},
  publisher={World Scientific}
}

@article{levin1973universal,
  title={Universal sequential search problems},
  author={L.A. Levin},
  journal={Problemy Peredachi Informatsii},
  volume={9},
  number={3},
  pages={115--116},
  year={1973},
  publisher={Russian Academy of Sciences, Branch of Informatics, Computer Equipment and Automatization}
}

@inproceedings{keogh2004towards,
  title={Towards parameter-free data mining},
  author={E. Keogh and S. Lonardi and C.A. Ratanamahatana},
  booktitle={Proceedings of the tenth ACM SIGKDD international conference on Knowledge discovery and data mining},
  pages={206--215},
  year={2004},
  organization={ACM}
}

@article{DBLP:journals/corr/abs-cs-0609121,
  author    = {S. de Rooij and P.M.B. Vit{\'{a}}nyi},
  title     = {Approximating Rate-Distortion Graphs of Individual Data: Experiments
               in Lossy Compression and Denoising},
  journal   = {CoRR},
  year      = {2006},
  volume    = {abs/cs/0609121},
  url       = {http://arxiv.org/abs/cs/0609121},
  timestamp = {Fri, 03 Oct 2014 16:32:05 +0200},
  biburl    = {http://dblp.uni-trier.de/rec/bib/journals/corr/abs-cs-0609121},
  bibsource = {dblp computer science bibliography, http://dblp.org}
}

@incollection{koppelSoph1988,
  author      = "M. Koppel",
  title       = "Structure",
  booktitle   = "The Universal {T}uring Machine: A Half-Century Survey",
  publisher   = "Oxford University Press",
  year        = 1988,
}


@inproceedings{mota2013sophistication,
  author    = {F. Mota and
               S. Aaronson and
               L.F.C. Antunes and
               A. Souto},
  title     = {Sophistication as Randomness Deficiency},
  booktitle = {DCFS 2013},
  year      = {2013},
  pages     = {172--181},
  url       = {http://dx.doi.org/10.1007/978-3-642-39310-5_17},
  doi       = {10.1007/978-3-642-39310-5_17},
  timestamp = {Thu, 09 Oct 2014 09:39:20 +0200},
  biburl    = {http://dblp.uni-trier.de/rec/bib/conf/dcfs/MotaAAS13},
  bibsource = {dblp computer science bibliography, http://dblp.org}
}

@inproceedings{DBLP:conf/alt/BloemMR0A14,
  author    = {P. Bloem and
               F. Mota and
               S. de Rooij and
               L. Antunes and
               P. Adriaans},
  title     = {A Safe Approximation for {K}olmogorov Complexity},
  booktitle = {Algorithmic Learning Theory - 25th International Conference, {ALT}
               2014, Bled, Slovenia, October 8-10, 2014. Proceedings},
  year      = {2014},
  pages     = {336--350},
  crossref  = {DBLP:conf/alt/2014},
  url       = {http://dx.doi.org/10.1007/978-3-319-11662-4_24},
  doi       = {10.1007/978-3-319-11662-4_24},
  timestamp = {Thu, 09 Oct 2014 09:39:45 +0200},
  biburl    = {http://dblp.uni-trier.de/rec/bib/conf/alt/BloemMR0A14},
  bibsource = {dblp computer science bibliography, http://dblp.org}
}

@book{downey2010algorithmic,
  title={Algorithmic randomness and complexity},
  author={Downey, Rodney G and Hirschfeldt, Denis R},
  year={2010},
  publisher={Springer Science \& Business Media}
}

@proceedings{DBLP:conf/alt/2014,
  editor    = {P. Auer and
               A. Clark and
               T. Zeugmann and
               S. Zilles},
  title     = {Algorithmic Learning Theory - 25th International Conference, {ALT}
               2014, Bled, Slovenia, October 8-10, 2014. Proceedings},
  series    = {Lecture Notes in Computer Science},
  year      = {2014},
  volume    = {8776},
  publisher = {Springer},
  url       = {http://dx.doi.org/10.1007/978-3-319-11662-4},
  doi       = {10.1007/978-3-319-11662-4},
  isbn      = {978-3-319-11661-7},
  timestamp = {Thu, 09 Oct 2014 09:39:45 +0200},
  biburl    = {http://dblp.uni-trier.de/rec/bib/conf/alt/2014},
  bibsource = {dblp computer science bibliography, http://dblp.org}
}

@misc{grunwald2004shannon,
  title={{S}hannon information and {K}olmogorov complexity},
  author={P. Gr\"unwald and P.M.B. Vit{\'a}nyi},
  note={arXiv:cs/0410002},
  year={2004}
}

@article{kleene193notation,
   author              = {S.C. Kleene},
   title               = {On Notation for Ordinal Numbers.},
   journal             = {J. Symb. Log.},
   year                = {1938},
   pages               = {150-155},
   ee                  = {http://projecteuclid.org/euclid.jsl/1183385485},
}

@misc{antunes2013sophistication,
   author              = {L.F.C. Antunes and 
                          B. Bauwens and 
                          A. Souto and 
                          A. Teixeira},
   title               = {Sophistication vs Logical Depth},
   journal             = {CoRR},
   year                = 2013,
   note                  = {http://arxiv.org/abs/1304.8046},
}

@article{DBLP:journals/tit/VereshchaginV04,
  author    = {N.K. Vereshchagin and
               P.M.B. Vit{\'{a}}nyi},
  title     = {{K}olmogorov's structure functions and model selection},
  journal={{IEEE} Tr. Inf. Th.},
  year      = {2004},
  volume    = {50},
  number    = {12},
  pages     = {3265--3290},
  url       = {http://dx.doi.org/10.1109/TIT.2004.838346},
  doi       = {10.1109/TIT.2004.838346},
  timestamp = {Fri, 03 Oct 2014 16:32:39 +0200},
  biburl    = {http://dblp.uni-trier.de/rec/bib/journals/tit/VereshchaginV04},
  bibsource = {dblp computer science bibliography, http://dblp.org}
}

@article{vereshchagin2013algorithmic,
year={2015},
issn={1432-4350},
journal={Theory of Computing Systems},
doi={10.1007/s00224-014-9605-1},
title={Algorithmic Minimal Sufficient Statistics: a New Approach},
url={http://dx.doi.org/10.1007/s00224-014-9605-1},
publisher={Springer US},
keywords={Algorithmic statistics; Minimum description length; Randomness deficiency; Sufficient statistic; Denoising},
author={Vereshchagin, Nikolay},
pages={1-19},
language={English}
}

@inproceedings{bloem2014safe,
   author              = {P. Bloem and 
                          F. Mota and 
                          S. de Rooij and 
                          L. Antunes and 
                          P. Adriaans},
   title               = {A Safe Approximation for {K}olmogorov Complexity.},
   booktitle           = {ALT},
   year                = {2014},
   pages               = {336-350},
   ee                  = {http://dx.doi.org/10.1007/978-3-319-11662-4_24},
}

@incollection{bennett1988logical,
   author              = {C.H. Bennett},
   title               = {Logical depth and physical complexity},
  booktitle   = "The Universal Turing Machine: A Half-Century Survey",
  publisher   = "Oxford University Press",
  year        = 1988,
}

@inproceedings{carstens2013motifs,
  author    = {C. J. Carstens},
  title     = {Motifs in Directed Acyclic Networks},
  booktitle = {International Conference on Signal-Image Technology {\&} Internet-Based
               Systems, {SITIS} 2013, Kyoto, Japan, December 2-5, 2013},
  pages     = {605--611},
  year      = {2013},
  crossref  = {DBLP:conf/sitis/2013},
  url       = {http://dx.doi.org/10.1109/SITIS.2013.99},
  doi       = {10.1109/SITIS.2013.99},
  timestamp = {Mon, 03 Feb 2014 17:51:43 +0100},
  biburl    = {http://dblp.uni-trier.de/rec/bib/conf/sitis/Carstens13},
  bibsource = {dblp computer science bibliography, http://dblp.org}
}

@proceedings{DBLP:conf/sitis/2013,
  title     = {International Conference on Signal-Image Technology {\&} Internet-Based
               Systems, {SITIS} 2013, Kyoto, Japan, December 2-5, 2013},
  publisher = {{IEEE}},
  year      = {2013},
  url       = {http://ieeexplore.ieee.org/xpl/mostRecentIssue.jsp?punumber=6724378},
  timestamp = {Mon, 03 Feb 2014 17:41:20 +0100},
  biburl    = {http://dblp.uni-trier.de/rec/bib/conf/sitis/2013},
  bibsource = {dblp computer science bibliography, http://dblp.org}
}

@inproceedings{wernicke2005faster,
  author    = {Sebastian Wernicke},
  title     = {A Faster Algorithm for Detecting Network Motifs},
  booktitle = {Algorithms in Bioinformatics, 5th International Workshop, {WABI} 2005,
               Mallorca, Spain, October 3-6, 2005, Proceedings},
  pages     = {165--177},
  year      = {2005},
  crossref  = {DBLP:conf/wabi/2005},
  url       = {http://dx.doi.org/10.1007/11557067_14},
  doi       = {10.1007/11557067_14},
  timestamp = {Wed, 09 Nov 2005 10:21:02 +0100},
  biburl    = {http://dblp.uni-trier.de/rec/bib/conf/wabi/Wernicke05},
  bibsource = {dblp computer science bibliography, http://dblp.org}
}

@proceedings{DBLP:conf/wabi/2005,
  editor    = {Rita Casadio and
               Gene Myers},
  title     = {Algorithms in Bioinformatics, 5th International Workshop, {WABI} 2005,
               Mallorca, Spain, October 3-6, 2005, Proceedings},
  series    = {Lecture Notes in Computer Science},
  volume    = {3692},
  publisher = {Springer},
  year      = {2005},
  isbn      = {3-540-29008-7},
  timestamp = {Wed, 09 Nov 2005 10:21:02 +0100},
  biburl    = {http://dblp.uni-trier.de/rec/bib/conf/wabi/2005},
  bibsource = {dblp computer science bibliography, http://dblp.org}
}

@article{kashtan2004efficient,
  author    = {Nadav Kashtan and
               Shalev Itzkovitz and
               Ron Milo and
               Uri Alon},
  title     = {Efficient sampling algorithm for estimating subgraph concentrations
               and detecting network motifs},
  journal   = {Bioinformatics},
  volume    = {20},
  number    = {11},
  pages     = {1746--1758},
  year      = {2004},
  url       = {http://dx.doi.org/10.1093/bioinformatics/bth163},
  doi       = {10.1093/bioinformatics/bth163},
  timestamp = {Wed, 16 Jun 2010 15:59:39 +0200},
  biburl    = {http://dblp.uni-trier.de/rec/bib/journals/bioinformatics/KashtanIMA04},
  bibsource = {dblp computer science bibliography, http://dblp.org}
}

@article{milo2002network,
  title={Network motifs: simple building blocks of complex networks},
  author={Milo, Ron and Shen-Orr, Shai and Itzkovitz, Shalev and Kashtan, Nadav and Chklovskii, Dmitri and Alon, Uri},
  journal={Science},
  volume={298},
  number={5594},
  pages={824--827},
  year={2002},
  publisher={American Association for the Advancement of Science}
}

@article{cook1994substructure,
  author    = {Diane J. Cook and
               Lawrence B. Holder},
  title     = {Substructure Discovery Using Minimum Description Length and Background
               Knowledge},
  journal   = {CoRR},
  volume    = {cs.AI/9402102},
  year      = {1994},
  url       = {http://arxiv.org/abs/cs.AI/9402102},
  timestamp = {Wed, 21 Apr 4431249 20:25:04 +},
  biburl    = {http://dblp.uni-trier.de/rec/bib/journals/corr/cs-AI-9402102},
  bibsource = {dblp computer science bibliography, http://dblp.org}
}

@book{grunwald2007minimum,
  title={The minimum description length principle},
  author={P.D. Gr{\"u}nwald},
  year={2007},
  publisher={The MIT Press}
}

@article{milo2002network,
  title={Network motifs: simple building blocks of complex networks},
  author={Milo, Ron and Shen-{O}rr, Shai and Itzkovitz, Shalev and Kashtan, Nadav and Chklovskii, Dmitri and Alon, Uri},
  journal={Science},
  volume={298},
  number={5594},
  pages={824--827},
  year={2002},
  publisher={American Association for the Advancement of Science}
}

@article{kashtan2004efficient,
  author    = {Nadav Kashtan and
               Shalev Itzkovitz and
               Ron Milo and
               Uri Alon},
  title     = {Efficient sampling algorithm for estimating subgraph concentrations
               and detecting network motifs},
  journal   = {Bioinformatics},
  volume    = {20},
  number    = {11},
  pages     = {1746--1758},
  year      = {2004},
  url       = {http://dx.doi.org/10.1093/bioinformatics/bth163},
  doi       = {10.1093/bioinformatics/bth163},
  timestamp = {Wed, 16 Jun 2010 15:59:39 +0200},
  biburl    = {http://dblp.uni-trier.de/rec/bib/journals/bioinformatics/KashtanIMA04},
  bibsource = {dblp computer science bibliography, http://dblp.org}
}

@article{wong2012biological,
  title={Biological network motif detection: principles and practice},
  author={Wong, Elisabeth and Baur, Brittany and Quader, Saad and Huang, Chun-Hsi},
  journal={Briefings in bioinformatics},
  volume={13},
  number={2},
  pages={202--215},
  year={2012},
  publisher={Oxford Univ Press}
}

@inproceedings{adamic2008knowledge,
  author    = {Lada A. Adamic and
               Jun Zhang and
               Eytan Bakshy and
               Mark S. Ackerman},
  title     = {Knowledge sharing and {Y}ahoo answers: everyone knows something},
  booktitle = {Proceedings of the 17th International Conference on World Wide Web,
               {WWW} 2008, Beijing, China, April 21-25, 2008},
  pages     = {665--674},
  year      = {2008},
  crossref  = {DBLP:conf/www/2008},
  url       = {http://doi.acm.org/10.1145/1367497.1367587},
  doi       = {10.1145/1367497.1367587},
  timestamp = {Fri, 14 Dec 2012 07:52:21 +0100},
  biburl    = {http://dblp.uni-trier.de/rec/bib/conf/www/AdamicZBA08},
  bibsource = {dblp computer science bibliography, http://dblp.org}
}

@article{sporns2004motifs,
  title={Motifs in brain networks},
  author={Sporns, Olaf and K{\"o}tter, Rolf},
  journal={PLoS Biol},
  volume={2},
  number={11},
  pages={e369},
  year={2004}
}

@book{cover2006elements,
  author    = {Thomas M. Cover and
               Joy A. Thomas},
  title     = {Elements of information theory {(2.} ed.)},
  publisher = {Wiley},
  year      = {2006},
  isbn      = {978-0-471-24195-9},
  timestamp = {Fri, 25 Mar 2011 09:04:29 +0100},
  biburl    = {http://dblp.uni-trier.de/rec/bib/books/daglib/0016881},
  bibsource = {dblp computer science bibliography, http://dblp.org}
}

@article{rissanen1979arithmetic,
  title={Arithmetic coding},
  author={Rissanen, Jorma and Langdon, Glen G},
  journal={IBM Journal of research and development},
  volume={23},
  number={2},
  pages={149--162},
  year={1979},
  publisher={IBM Corp.}
}

@article{charo2010efficient,
  author    = {Charo I. Del Genio and
               Hyunju Kim and
               Zolt{\'{a}}n Toroczkai and
               Kevin E. Bassler},
  title     = {Efficient and exact sampling of simple graphs with given arbitrary
               degree sequence},
  journal   = {CoRR},
  volume    = {abs/1002.2975},
  year      = {2010},
  url       = {http://arxiv.org/abs/1002.2975},
  timestamp = {Mon, 05 Dec 2011 18:05:15 +0100},
  biburl    = {http://dblp.uni-trier.de/rec/bib/journals/corr/abs-1002-2975},
  bibsource = {dblp computer science bibliography, http://dblp.org}
}

@article{blitzstein2011sequential,
  author    = {Joseph K. Blitzstein and
               Persi Diaconis},
  title     = {A Sequential Importance Sampling Algorithm for Generating Random Graphs
               with Prescribed Degrees},
  journal   = {Internet Mathematics},
  volume    = {6},
  number    = {4},
  pages     = {489--522},
  year      = {2011},
  url       = {http://dx.doi.org/10.1080/15427951.2010.557277},
  doi       = {10.1080/15427951.2010.557277},
  timestamp = {Thu, 08 Mar 2012 12:24:04 +0100},
  biburl    = {http://dblp.uni-trier.de/rec/bib/journals/im/BlitzsteinD11},
  bibsource = {dblp computer science bibliography, http://dblp.org}
}

@article{barvinok2010number,
  title={On the number of matrices and a random matrix with prescribed row and column sums and 0--1 entries},
  author={Barvinok, Alexander},
  journal={Advances in Mathematics},
  volume={224},
  number={1},
  pages={316--339},
  year={2010},
  publisher={Elsevier}
}

@article{krichevsky1981performance,
  title={The performance of universal encoding},
  author={Krichevsky, Raphail E and Trofimov, Victor K},
  journal={Information Theory, IEEE Transactions on},
  volume={27},
  number={2},
  pages={199--207},
  year={1981},
  publisher={IEEE}
}

@inproceedings{bezakova2006graph,
  author    = {Ivona Bez{\'{a}}kov{\'{a}} and
               Adam Kalai and
               Rahul Santhanam},
  title     = {Graph model selection using maximum likelihood},
  booktitle = {Machine Learning, Proceedings of the Twenty-Third International Conference
               {(ICML} 2006), Pittsburgh, Pennsylvania, USA, June 25-29, 2006},
  pages     = {105--112},
  year      = {2006},
  crossref  = {DBLP:conf/icml/2006},
  url       = {http://doi.acm.org/10.1145/1143844.1143858},
  doi       = {10.1145/1143844.1143858},
  timestamp = {Mon, 22 Oct 2007 13:47:35 +0200},
  biburl    = {http://dblp.uni-trier.de/rec/bib/conf/icml/BezakovaKS06},
  bibsource = {dblp computer science bibliography, http://dblp.org}
}


@proceedings{DBLP:conf/icml/2006,
  editor    = {William W. Cohen and
               Andrew Moore},
  title     = {Machine Learning, Proceedings of the Twenty-Third International Conference
               {(ICML} 2006), Pittsburgh, Pennsylvania, USA, June 25-29, 2006},
  series    = {{ACM} International Conference Proceeding Series},
  volume    = {148},
  publisher = {{ACM}},
  year      = {2006},
  isbn      = {1-59593-383-2},
  timestamp = {Mon, 22 Oct 2007 13:47:35 +0200},
  biburl    = {http://dblp.uni-trier.de/rec/bib/conf/icml/2006},
  bibsource = {dblp computer science bibliography, http://dblp.org}
}

@article{kim2012constructing,
  title={Constructing and sampling directed graphs with given degree sequences},
  author={Kim, Hyunju and Del Genio, Charo I and Bassler, Kevin E and Toroczkai, Zolt{\'a}n},
  journal={New Journal of Physics},
  volume={14},
  number={2},
  pages={023012},
  year={2012},
  publisher={IOP Publishing}
}

@inproceedings{wernicke2005faster,
  author    = {Sebastian Wernicke},
  title     = {A Faster Algorithm for Detecting Network Motifs},
  booktitle = {Algorithms in Bioinformatics, 5th International Workshop, {WABI} 2005,
               Mallorca, Spain, October 3-6, 2005, Proceedings},
  pages     = {165--177},
  year      = {2005},
  crossref  = {DBLP:conf/wabi/2005},
  url       = {http://dx.doi.org/10.1007/11557067_14},
  doi       = {10.1007/11557067_14},
  timestamp = {Wed, 09 Nov 2005 10:21:02 +0100},
  biburl    = {http://dblp.uni-trier.de/rec/bib/conf/wabi/Wernicke05},
  bibsource = {dblp computer science bibliography, http://dblp.org}
}

@proceedings{DBLP:conf/wabi/2005,
  editor    = {Rita Casadio and
               Gene Myers},
  title     = {Algorithms in Bioinformatics, 5th International Workshop, {WABI} 2005,
               Mallorca, Spain, October 3-6, 2005, Proceedings},
  series    = {Lecture Notes in Computer Science},
  volume    = {3692},
  publisher = {Springer},
  year      = {2005},
  isbn      = {3-540-29008-7},
  timestamp = {Wed, 09 Nov 2005 10:21:02 +0100},
  biburl    = {http://dblp.uni-trier.de/rec/bib/conf/wabi/2005},
  bibsource = {dblp computer science bibliography, http://dblp.org}
}



@article{efron1987better,
  title={Better bootstrap confidence intervals},
  author={Efron, Bradley},
  journal={Journal of the American statistical Association},
  volume={82},
  number={397},
  pages={171--185},
  year={1987},
  publisher={Taylor \& Francis}
}

@book{givens2012computational,
  title={Computational statistics},
  author={Givens, Geof H and Hoeting, Jennifer A},
  volume={710},
  year={2013},
  edition={Second},
  publisher={John Wiley \& Sons}
}

@article{shen2006efficient,
  title={Efficient estimation of log-normal means with application to pharmacokinetic data},
  author={Shen, Haipeng and Brown, Lawrence D and Zhi, Hui},
  journal={Statistics in medicine},
  volume={25},
  number={17},
  pages={3023--3038},
  year={2006},
  publisher={Wiley Online Library}
}

@article{angus1994bootstrap,
  title={Bootstrap one-sided confidence intervals for the log-normal mean},
  author={Angus, John E},
  journal={The Statistician},
  pages={395--401},
  year={1994},
  publisher={JSTOR}
}

@article{zhou1997confidence,
  title={Confidence intervals for the log-normal mean},
  author={Zhou, X.H. and Gao, S.},
  journal={Statistics in medicine},
  volume={16},
  number={7},
  pages={783--790},
  year={1997}
}

@book{li1993introduction,
  title={An introduction to {K}olmogorov complexity and its applications},
  author={M. Li and P.M.B. Vit\'anyi},
  year={1993},
  publisher={Springer-Verlag}
}

@MISC{konect:2015:moreno_cattle,
    title = {Cattle network dataset -- {KONECT}},
    month = jan,
    year = {2015},
    url = {http://konect.uni-koblenz.de/networks/moreno_cattle}
}

@article{schein1955social,
  title={Social Dominance Relationships in a Herd of Dairy Cattle},
  author={Schein, Martin W. and Fohrman, Milton H.},
  journal={The British J. of Animal Behaviour},
  volume={3},
  number={2},
  pages={45--55},
  year={1955},
  publisher={Elsevier}
}

@inproceedings{konect,
	title = {{KONECT} -- {The} {Koblenz} {Network} {Collection}},
	author = {J\'er\^ome Kunegis},
	year = {2013},
	booktitle = {Proc. Int. Conf. on World Wide Web Companion},
	pages = {1343--1350},
	url = {http://userpages.uni-koblenz.de/~kunegis/paper/kunegis-koblenz-network-collection.pdf}, 
	url_presentation = {http://userpages.uni-koblenz.de/~kunegis/paper/kunegis-koblenz-network-collection.presentation.pdf},
}

@MISC{konect:2015:brunson_revolution,
    title = {American Revolution network dataset -- {KONECT}},
    month = apr,
    year = {2015},
    url = {http://konect.uni-koblenz.de/networks/brunson_revolution}
}

@MISC{konect:2014:ca-AstroPh,
    title = {arXiv astro-ph network dataset -- {KONECT}},
    month = oct,
    year = {2014},
    url = {http://konect.uni-koblenz.de/networks/ca-AstroPh}
}

@article{konect:leskovec107,
        title = {Graph Evolution: Densification and Shrinking
                  Diameters},
        author = {Jure Leskovec and Jon Kleinberg and Christos
                  Faloutsos}, 
        journal = {ACM Trans. Knowledge Discovery from Data},   
        year = {2007},
        volume = {1},
        number = {1},
        pages = {1--40},
}


@MISC{konect:2014:moreno_names,
    title = {King James network dataset -- {KONECT}},
    month = oct,
    year = {2014},
    url = {http://konect.uni-koblenz.de/networks/moreno_names}
}

@misc{konect:harrison,
  howpublished = {\url{http://chrisharrison.net/projects/bibleviz/index.html}},
  note = {Accessed: 2014-08-22}
}

@MISC{konect:2014:opsahl-openflights,
    title = {OpenFlights network dataset -- {KONECT}},
    month = oct,
    year = {2014},
    url = {http://konect.uni-koblenz.de/networks/opsahl-openflights}
}

@article{konect:opsahl2010b,
	title = {Node Centrality in Weighted Networks: Generalizing Degree and Shortest Paths},
	author = {Tore Opsahl and Filip Agneessens and John Skvoretz},
	journal = {Social Networks},
	year = {2010},
	number = {32},
	volume = {3},
	pages = {245--251},
}

@MISC{konect:2014:ego-twitter,
    title = {Twitter lists network dataset -- {KONECT}},
    month = oct,
    year = {2014},
    url = {http://konect.uni-koblenz.de/networks/ego-twitter}
}

@incollection{konect:McAuley2012,
	title ={Learning to Discover Social Circles in Ego Networks},
	author={Julian McAuley and Jure Leskovec},
	booktitle = {Advances in Neural Information Processing Systems},
	pages = {548--556},
	year = {2012},
}

@inproceedings{ribeiro2009strategies,
  title={Strategies for network motifs discovery},
  author={Ribeiro, Pedro and Silva, Fernando and Kaiser, Marcus},
  booktitle={e-Science, 2009. e-Science'09. Fifth IEEE International Conference on},
  pages={80--87},
  year={2009},
  organization={IEEE}
}



@inproceedings{chen2006nemofinder,
  author    = {Jin Chen and
               Wynne Hsu and
               Mong{-}Li Lee and
               See{-}Kiong Ng},
  title     = {NeMoFinder: dissecting genome-wide protein-protein interactions with
               meso-scale network motifs},
  booktitle = {Proceedings of the Twelfth {ACM} {SIGKDD} International Conference
               on Knowledge Discovery and Data Mining, Philadelphia, PA, USA, August
               20-23, 2006},
  pages     = {106--115},
  year      = {2006},
  crossref  = {DBLP:conf/kdd/2006},
  url       = {http://doi.acm.org/10.1145/1150402.1150418},
  doi       = {10.1145/1150402.1150418},
  timestamp = {Wed, 20 Dec 2006 14:06:10 +0100},
  biburl    = {http://dblp.uni-trier.de/rec/bib/conf/kdd/ChenHLN06},
  bibsource = {dblp computer science bibliography, http://dblp.org}
}

@proceedings{DBLP:conf/kdd/2006,
  editor    = {Tina Eliassi{-}Rad and
               Lyle H. Ungar and
               Mark Craven and
               Dimitrios Gunopulos},
  title     = {Proceedings of the Twelfth {ACM} {SIGKDD} International Conference
               on Knowledge Discovery and Data Mining, Philadelphia, PA, USA, August
               20-23, 2006},
  publisher = {{ACM}},
  year      = {2006},
  isbn      = {1-59593-339-5},
  timestamp = {Wed, 20 Dec 2006 14:06:10 +0100},
  biburl    = {http://dblp.uni-trier.de/rec/bib/conf/kdd/2006},
  bibsource = {dblp computer science bibliography, http://dblp.org}
}

@article{rissanen1978modeling,
  title={Modeling by shortest data description},
  author={Rissanen, Jorma},
  journal={Automatica},
  volume={14},
  number={5},
  pages={465--471},
  year={1978},
  publisher={Elsevier}
}

@article{kiefer1953sequential,
  title={Sequential minimax search for a maximum},
  author={Kiefer, Jack},
  journal={Proceedings of the American Mathematical Society},
  volume={4},
  number={3},
  pages={502--506},
  year={1953},
  publisher={JSTOR}
}

@book{mckay1981practical,
  title={Practical graph isomorphism},
  author={McKay, Brendan D and others},
  year={1981},
  publisher={Department of Computer Science, Vanderbilt University Tennessee, US}
}

@article{gehrke2003overview,
  title={Overview of the 2003 KDD Cup},
  author={Gehrke, Johannes and Ginsparg, Paul and Kleinberg, Jon},
  journal={ACM SIGKDD Explorations Newsletter},
  volume={5},
  number={2},
  pages={149--151},
  year={2003},
  publisher={ACM}
}

@MISC{konect:2015:moreno_innovation,
    title = {Physicians network dataset -- {KONECT}},
    month = apr,
    year = {2015},
    url = {http://konect.uni-koblenz.de/networks/moreno_innovation}
}

@article{konect:coleman1957,
  title={The Diffusion of an Innovation Among Physicians},
  author={Coleman, James and Katz, Elihu and Menzel, Herbert},
  journal={Sociometry},
  pages={253--270},
  year={1957},
  _publisher={JSTOR}
}

@article{reguly2006comprehensive,
  title={Comprehensive curation and analysis of global interaction networks in Saccharomyces cerevisiae},
  author={Reguly, Teresa and Breitkreutz, Ashton and Boucher, Lorrie and Breitkreutz, Bobby-Joe and Hon, Gary C and Myers, Chad L and Parsons, Ainslie and Friesen, Helena and Oughtred, Rose and Tong, Amy and others},
  journal={Journal of biology},
  volume={5},
  number={4},
  pages={11},
  year={2006},
  publisher={BioMed Central Ltd}
}

@article{konagurthu2008origin,
  title={On the origin of distribution patterns of motifs in biological networks},
  author={Konagurthu, Arun S and Lesk, Arthur M},
  journal={BMC Systems Biology},
  volume={2},
  number={1},
  pages={73},
  year={2008},
  publisher={BioMed Central Ltd}
}

@article{gilbert1959random,
  title={Random graphs},
  author={Gilbert, Edgar N},
  journal={The Annals of Mathematical Statistics},
  pages={1141--1144},
  year={1959},
  publisher={JSTOR}
}

@article{renyi1959random,
  title={On random graphs},
  author={Renyi, A and Erdos, P},
  journal={Publicationes Mathematicae},
  volume={6},
  number={290-297},
  pages={5},
  year={1959}
}

@MISC{konect:2015:link-dynamic-nlwiki,
    title = {Wikipedia, nl (dynamic)  network dataset -- {KONECT}},
    month = apr,
    year = {2015},
    url = {http://konect.uni-koblenz.de/networks/link-dynamic-nlwiki}
}

@inproceedings{konect:unlink,
	author = {Preusse, Julia and Kunegis, J\'er\^ome and Thimm, Matthias and Gottron, Thomas and Staab, Steffen},
	title = {Structural Dynamics of Knowledge Networks},
	booktitle = {Proc. Int. Conf. on Weblogs and Social Media},
	year = {2013},
}

@book{newman2010networks,
  title={Networks: an introduction},
  author={Newman, Mark},
  year={2010},
  publisher={Oxford University Press}
}

@inproceedings{bezakova2006graph,
   author              = {Ivona Bezáková and 
                          Adam Kalai and 
                          Rahul Santhanam},
   title               = {Graph model selection using maximum likelihood.},
   booktitle           = {ICML},
   year                = {2006},
   pages               = {105-112},
   ee                  = {http://doi.acm.org/10.1145/1143844.1143858},
   crossref            = {2006},
}

@book{mandelbrot1982fractal,
  title={The fractal geometry of nature},
  author={Mandelbrot, B.B.},
  year={1982},
  publisher={Times Books}
}

@article{goldberger1992fractal,
  title={Fractal mechanisms in the electrophysiology of the heart},
  author={Goldberger, A.L.},
  journal={Engineering in Medicine and Biology Magazine, IEEE},
  volume={11},
  number={2},
  pages={47--52},
  year={1992},
  publisher={IEEE}
}

@article{turiel2003multifractal,
  title={Multifractal geometry in stock market time series},
  author={Turiel, A. and P{\'e}rez-Vicente, C.J.},
  journal={Physica A: Statistical Mechanics and its Applications},
  volume={322},
  pages={629--649},
  year={2003},
  publisher={Elsevier}
}

@article{cheng1997multifractal,
  title={Multifractal modeling and lacunarity analysis},
  author={Cheng, Q.},
  journal={Mathematical Geology},
  volume={29},
  number={7},
  pages={919--932},
  year={1997},
  publisher={Springer}
}

@article{hutchinson2000deterministic,
  title={Deterministic and random fractals},
  author={Hutchinson, J.E.},
  journal={Complex Systems},
  pages={127--166},
  year={2000},
  publisher={Cambridge University Press}
}

@book{schroeder2009fractals,
  title={Fractals, chaos, power laws: Minutes from an infinite paradise},
  author={Schroeder, M.},
  year={2009},
  publisher={Dover Publications}
}

@article{hart1996fractal,
  title={Fractal image compression and recurrent iterated function systems},
  author={Hart, J.C.},
  journal={Computer Graphics and Applications, IEEE},
  volume={16},
  number={4},
  pages={25--33},
  year={1996},
  publisher={IEEE}
}

@article{umeyama1991least,
  title={Least-squares estimation of transformation parameters between two point patterns},
  author={Umeyama, S.},
  journal={Pattern Analysis and Machine Intelligence, IEEE Transactions on},
  volume={13},
  number={4},
  pages={376--380},
  year={1991},
  publisher={IEEE}
}

@mastersthesis{bloem2010fractal,
  title={Machine Learning and Fractal Geometry},
  author={Bloem, Peter},
  school={University of Amsterdam},
  year={2010}
}

@article{nettleton1994evolutionary,
  title={Evolutionary algorithms and a fractal inverse problem},
  author={Nettleton, D.J. and Garigliano, R.},
  journal={Biosystems},
  volume={33},
  number={3},
  pages={221--231},
  year={1994},
  publisher={Elsevier}
}

@article{hart1997similarity,
  title={Similarity hashing: A computer vision solution to the inverse problem of linear fractals},
  author={Hart, J.C. and Cochran, W.O. and Flynn, P.J.},
  journal={FRACTALS-LONDON-},
  volume={5},
  pages={39--50},
  year={1997},
  publisher={World Scientific Publishing Company}
}

@article{rinaldo1994inverse,
  title={Inverse and approximation problem for two-dimensional fractal sets},
  author={Rinaldo, R. and Zakhor, A.},
  journal={Image Processing, IEEE Transactions on},
  volume={3},
  number={6},
  pages={802--820},
  year={1994},
  publisher={IEEE}
}

@article{struzik1996coastline,
  title={From coastline length to inverse fractal problem: the concept of fractal metrology},
  author={Struzik, Z.R.},
  year={1996}
}

@article{mandelbrot1984fractals,
  title={Fractals in physics: squig clusters, diffusions, fractal measures, and the unicity of fractal dimensionality},
  author={Mandelbrot, B.B.},
  journal={Journal of Statistical Physics},
  volume={34},
  number={5},
  pages={895--930},
  year={1984},
  publisher={Springer}
}

@article{clauset2009power,
  title={Power-law distributions in empirical data},
  author={Clauset, A. and Shalizi, 
  C.R. and Newman, M.E.J.},
  journal={SIAM review},
  volume={51},
  number={4},
  pages={661--703},
  year={2009},
  publisher={SIAM}
}

@article{takens1985numerical,
  title={On the numerical determination of the dimension of an attractor},
  author={Takens, F.},
  journal={Dynamical systems and bifurcations},
  pages={99--106},
  year={1985},
  publisher={Springer}
}

@book{mulisch1996discovery,
  title={The discovery of heaven},
  author={Mulisch, Harry},
  year={1992},
  publisher={De Bezige Bij},
  note={Own translation.}
}

@inproceedings{bloem2015two,
  title={Two Problems for Sophistication},
  author={Bloem, Peter and de Rooij, Steven and Adriaans, Pieter},
  booktitle={Algorithmic Learning Theory},
  pages={379--394},
  year={2015},
  organization={Springer}
}

@misc{davies2006statistical,
  title={How a Statistical Formula Won the War},
  author={Gavyn Davies},
  journal={The Guardian},
  month={July},
  year={2006},
  url={http://www.theguardian.com/world/2006/jul/20/secondworldwar.tvandradio}
}

@misc{laplace1951philosophical,
  title={A philosophical essay on probabilities, translated from the 6th French edition by Frederick Wilson Truscott and Frederick Lincoln Emory},
  author={Laplace, See and Simon, Pierre},
  year={1951},
  publisher={Dover Publications (New York, 1951)}
}
